<?xml version="1.0" encoding="UTF-8"?>
<record xmlns="http://www.loc.gov/MARC21/slim" xmlns:zs="http://docs.oasis-open.org/ns/search-ws/sruResponse">
 <leader>
  06959cpcaa22011297i 4500
 </leader>
 <controlfield tag="001">
  19434860
 </controlfield>
 <controlfield tag="005">
  20240227135228.0
 </controlfield>
 <controlfield tag="008">
  170109i19381979xxu                 eng
 </controlfield>
 <datafield ind1=" " ind2=" " tag="906">
  <subfield code="a">
   7
  </subfield>
  <subfield code="b">
   cbc
  </subfield>
  <subfield code="c">
   orignew
  </subfield>
  <subfield code="d">
   u
  </subfield>
  <subfield code="e">
   ncip
  </subfield>
  <subfield code="f">
   20
  </subfield>
  <subfield code="g">
   y-folklife
  </subfield>
 </datafield>
 <datafield ind1=" " ind2=" " tag="955">
  <subfield code="a">
   kere 2017-01-09
  </subfield>
  <subfield code="a">
   mkru 2017-08-28
  </subfield>
  <subfield code="a">
   kere 2018-12-17
  </subfield>
  <subfield code="a">
   kere 2019-04-09
  </subfield>
  <subfield code="a">
   kere 2019-04-11
  </subfield>
  <subfield code="a">
   masmit 2022-10-20
  </subfield>
  <subfield code="a">
   masmit 2024-02-27
  </subfield>
 </datafield>
 <datafield ind1=" " ind2=" " tag="010">
  <subfield code="a">
   2017655250
  </subfield>
 </datafield>
 <datafield ind1=" " ind2=" " tag="040">
  <subfield code="a">
   DLC
  </subfield>
  <subfield code="b">
   eng
  </subfield>
  <subfield code="e">
   dacs
  </subfield>
  <subfield code="c">
   DLC
  </subfield>
  <subfield code="d">
   DLC
  </subfield>
  <subfield code="d">
   DLC
  </subfield>
 </datafield>
 <datafield ind1="1" ind2=" " tag="041">
  <subfield code="a">
   eng
  </subfield>
  <subfield code="a">
   nai
  </subfield>
  <subfield code="a">
   mul
  </subfield>
  <subfield code="h">
   nai
  </subfield>
 </datafield>
 <datafield ind1=" " ind2=" " tag="043">
  <subfield code="a">
   n-us---
  </subfield>
 </datafield>
 <datafield ind1=" " ind2=" " tag="090">
  <subfield code="a">
   AFC 1980/041
  </subfield>
 </datafield>
 <datafield ind1="0" ind2="0" tag="245">
  <subfield code="a">
   Willard Rhodes papers,
  </subfield>
  <subfield code="f">
   1938-1979.
  </subfield>
 </datafield>
 <datafield ind1=" " ind2=" " tag="300">
  <subfield code="a">
   140
  </subfield>
  <subfield code="f">
   items ;
  </subfield>
  <subfield code="a">
   2
  </subfield>
  <subfield code="f">
   containers ;
  </subfield>
  <subfield code="a">
   .6
  </subfield>
  <subfield code="f">
   linear feet
  </subfield>
 </datafield>
 <datafield ind1=" " ind2=" " tag="300">
  <subfield code="3">
   graphic images
  </subfield>
  <subfield code="a">
   11 photographs :
  </subfield>
  <subfield code="b">
   film negatives, black and white
  </subfield>
 </datafield>
 <datafield ind1=" " ind2=" " tag="300">
  <subfield code="3">
   graphic images
  </subfield>
  <subfield code="a">
   39 photographic prints :
  </subfield>
  <subfield code="b">
   black and white ;
  </subfield>
  <subfield code="c">
   various sizes
  </subfield>
 </datafield>
 <datafield ind1=" " ind2=" " tag="300">
  <subfield code="3">
   graphic images
  </subfield>
  <subfield code="a">
   1 photographic print :
  </subfield>
  <subfield code="b">
   color ;
  </subfield>
  <subfield code="c">
   3 x 4 in.
  </subfield>
 </datafield>
 <datafield ind1=" " ind2=" " tag="300">
  <subfield code="3">
   manuscripts
  </subfield>
  <subfield code="a">
   16
  </subfield>
  <subfield code="f">
   field notebooks
  </subfield>
 </datafield>
 <datafield ind1=" " ind2=" " tag="300">
  <subfield code="3">
   manuscripts
  </subfield>
  <subfield code="a">
   16
  </subfield>
  <subfield code="f">
   folders
  </subfield>
 </datafield>
 <datafield ind1=" " ind2=" " tag="520">
  <subfield code="a">
   Field notebooks, correspondence, publications, and photographs, related to Willard Rhodes' field expeditions to Native American communities between 1938 and 1952 on behalf of the Library of Congress and the Bureau of Indian Affairs. The notebooks contain Rhodes' field notes, transcriptions, translations, and some musical notation, relating to audio recordings of Native American songs.  Correspondence (1948-1979) relates primarily to the 10 albums of Native American music recorded and edited by Rhodes in the "Music of the American Indian" series.  Tribes recorded by Rhodes include Apache, Bannock, Caddo, Cherokee, Cheyenne, Chinook, Choctaw, Comanche, Creek, Delaware, Hopi, Kiowa, Klallam, Lummi, Navajo, Omaha , Paiute, Pawnee, Potawatomi, Pueblo, Quinault, San Ildefonso, Seminole, Shaker, Shoshone, Sioux, Skagit, Taos, Tewa, Tlingit, Tsaiyak, Ute, Washo, Wichita, and Zuni songs. The collections also includes 8 government and mission publications from Sioux communities.
  </subfield>
 </datafield>
 <datafield ind1="8" ind2=" " tag="524">
  <subfield code="a">
   Willard Rhodes papers, 1938-1979 (AFC 1980/041), American Folklife Center, Library of Congress, Washington, D.C.
  </subfield>
 </datafield>
 <datafield ind1="0" ind2=" " tag="506">
  <subfield code="a">
   Collection is open for research. To request materials, please contact the Folklife Reading Room at
  </subfield>
  <subfield code="u">
   http://hdl.loc.gov/loc.afc/folklife.contact
  </subfield>
 </datafield>
 <datafield ind1=" " ind2=" " tag="540">
  <subfield code="a">
   Duplication of collection materials may be governed by copyright and other restrictions.
  </subfield>
 </datafield>
 <datafield ind1=" " ind2=" " tag="541">
  <subfield code="a">
   Willard Rhodes;
  </subfield>
  <subfield code="c">
   Donation;
  </subfield>
  <subfield code="d">
   1980.
  </subfield>
 </datafield>
 <datafield ind1=" " ind2=" " tag="545">
  <subfield code="a">
   While working for the Bureau of Indian Affairs with equipment supplied in part by the Library of Congress, Willard Rhodes of Columbia University recorded the music of fifty Native American tribes living primarily in the western United States. He documented, in addition to traditional genres, Christian hymns in native languages, songs with English words, and other music of recent composition. The Library of Congress issued ten LP recordings based on the collection through the cooperation of the Bureau of Indian Affairs and the Indian Arts and Crafts Board. Dr. Rhodes also edited two albums on Smithsonian Folkways Records. A selection of Native American music, recorded by Rhodes, was released on the Voyager Golden Record (1977).
  </subfield>
 </datafield>
 <datafield ind1=" " ind2=" " tag="500">
  <subfield code="a">
   Photographs of Indians of Washington State were taken in conjunction with the fieldwork of Willard Rhodes by Jule E. Lange. From these photos were chosen the pictures published in the booklet accompanying the original edition of Music of the American Indian: Northwest (Puget Sound) AFS L34.
  </subfield>
 </datafield>
 <datafield ind1=" " ind2=" " tag="500">
  <subfield code="a">
   Photographs of Sioux and Pueblo Indian children appear to have been taken by Willard Rhodes.
  </subfield>
 </datafield>
 <datafield ind1=" " ind2=" " tag="500">
  <subfield code="a">
   Included in the collection are three 8 x 10 in. black and white photographic prints from the Bureau of Indian Affairs of BIA schools.
  </subfield>
 </datafield>
 <datafield ind1=" " ind2=" " tag="530">
  <subfield code="a">
   Additional formats include 3396 master digital files, scanned from the originals, 2018.
  </subfield>
 </datafield>
 <datafield ind1=" " ind2=" " tag="546">
  <subfield code="a">
   In English and numerous Native American languages.
  </subfield>
 </datafield>
 <datafield ind1="1" ind2=" " tag="544">
  <subfield code="a">
   For associated sound recordings see Willard Rhodes field recordings collections: AFC 1940/019, AFC 1941/039, AFC 1942/024, AFC 1943/020, AFC 1947/012, AFC 1949/001, AFC 1950/027, AFC 1951/001, and AFC 1952/005.
  </subfield>
 </datafield>
 <datafield ind1="0" ind2=" " tag="544">
  <subfield code="a">
   Some associated original sound recordings reside at UCLA Ethnomusicology Archive.
  </subfield>
 </datafield>
 <datafield ind1="0" ind2=" " tag="555">
  <subfield code="a">
   Finding aid is available online
  </subfield>
  <subfield code="u">
   https://hdl.loc.gov/loc.afc/eadafc.af018012
  </subfield>
 </datafield>
 <datafield ind1="1" ind2="0" tag="600">
  <subfield code="a">
   Rhodes, Willard,
  </subfield>
  <subfield code="d">
   1901-1992
  </subfield>
  <subfield code="v">
   Correspondence.
  </subfield>
 </datafield>
 <datafield ind1="0" ind2="0" tag="630">
  <subfield code="a">
   Music of the American Indian.
  </subfield>
 </datafield>
 <datafield ind1=" " ind2="0" tag="650">
  <subfield code="a">
   Indians of North America
  </subfield>
  <subfield code="v">
   Music.
  </subfield>
 </datafield>
 <datafield ind1=" " ind2="0" tag="650">
  <subfield code="a">
   Indians of North America
  </subfield>
  <subfield code="z">
   Southern States.
  </subfield>
 </datafield>
 <datafield ind1=" " ind2="0" tag="650">
  <subfield code="a">
   Indians of North America
  </subfield>
  <subfield code="z">
   Middle Atlantic States.
  </subfield>
 </datafield>
 <datafield ind1=" " ind2="0" tag="650">
  <subfield code="a">
   Indians of North America
  </subfield>
  <subfield code="z">
   Southwest, New.
  </subfield>
 </datafield>
 <datafield ind1=" " ind2="0" tag="650">
  <subfield code="a">
   Indians of North America
  </subfield>
  <subfield code="z">
   Great Basin.
  </subfield>
 </datafield>
 <datafield ind1=" " ind2="0" tag="650">
  <subfield code="a">
   Indians of North America
  </subfield>
  <subfield code="z">
   Great Lakes Region (North America)
  </subfield>
 </datafield>
 <datafield ind1=" " ind2="0" tag="650">
  <subfield code="a">
   Indians of North America
  </subfield>
  <subfield code="z">
   Great Plains.
  </subfield>
 </datafield>
 <datafield ind1=" " ind2="0" tag="650">
  <subfield code="a">
   Songs
  </subfield>
  <subfield code="v">
   Texts.
  </subfield>
 </datafield>
 <datafield ind1=" " ind2="0" tag="650">
  <subfield code="a">
   Field recordings.
  </subfield>
 </datafield>
 <datafield ind1=" " ind2="0" tag="650">
  <subfield code="a">
   Apache Indians
  </subfield>
  <subfield code="x">
   Music.
  </subfield>
 </datafield>
 <datafield ind1=" " ind2="0" tag="650">
  <subfield code="a">
   Bannock Indians
  </subfield>
  <subfield code="x">
   Music.
  </subfield>
 </datafield>
 <datafield ind1=" " ind2="0" tag="650">
  <subfield code="a">
   Caddo Indians
  </subfield>
  <subfield code="x">
   Music.
  </subfield>
 </datafield>
 <datafield ind1=" " ind2="0" tag="650">
  <subfield code="a">
   Cherokee Indians
  </subfield>
  <subfield code="x">
   Music.
  </subfield>
 </datafield>
 <datafield ind1=" " ind2="0" tag="650">
  <subfield code="a">
   Cheyenne Indians
  </subfield>
  <subfield code="x">
   Music.
  </subfield>
 </datafield>
 <datafield ind1=" " ind2="0" tag="650">
  <subfield code="a">
   Chinook Indians
  </subfield>
  <subfield code="x">
   Music.
  </subfield>
 </datafield>
 <datafield ind1=" " ind2="0" tag="650">
  <subfield code="a">
   Choctaw Indians
  </subfield>
  <subfield code="x">
   Music.
  </subfield>
 </datafield>
 <datafield ind1=" " ind2="0" tag="650">
  <subfield code="a">
   Comanche Indians
  </subfield>
  <subfield code="x">
   Music.
  </subfield>
 </datafield>
 <datafield ind1=" " ind2="0" tag="650">
  <subfield code="a">
   Creek Indians
  </subfield>
  <subfield code="x">
   Music.
  </subfield>
 </datafield>
 <datafield ind1=" " ind2="0" tag="650">
  <subfield code="a">
   Delaware Indians
  </subfield>
  <subfield code="x">
   Music.
  </subfield>
 </datafield>
 <datafield ind1=" " ind2="0" tag="650">
  <subfield code="a">
   Hopi Indians
  </subfield>
  <subfield code="x">
   Music.
  </subfield>
 </datafield>
 <datafield ind1=" " ind2="0" tag="650">
  <subfield code="a">
   Kiowa Apache Indians
  </subfield>
  <subfield code="x">
   Music.
  </subfield>
 </datafield>
 <datafield ind1=" " ind2="0" tag="650">
  <subfield code="a">
   Clallam Indians
  </subfield>
  <subfield code="x">
   Music.
  </subfield>
 </datafield>
 <datafield ind1=" " ind2="0" tag="650">
  <subfield code="a">
   Lummi Indians
  </subfield>
  <subfield code="x">
   Music.
  </subfield>
 </datafield>
 <datafield ind1=" " ind2="0" tag="650">
  <subfield code="a">
   Navajo Indians
  </subfield>
  <subfield code="x">
   Music.
  </subfield>
 </datafield>
 <datafield ind1=" " ind2="0" tag="650">
  <subfield code="a">
   Omaha Indians
  </subfield>
  <subfield code="x">
   Music.
  </subfield>
 </datafield>
 <datafield ind1=" " ind2="0" tag="650">
  <subfield code="a">
   Paiute Indians
  </subfield>
  <subfield code="x">
   Music.
  </subfield>
 </datafield>
 <datafield ind1=" " ind2="0" tag="650">
  <subfield code="a">
   Pawnee Indians
  </subfield>
  <subfield code="x">
   Music.
  </subfield>
 </datafield>
 <datafield ind1=" " ind2="0" tag="650">
  <subfield code="a">
   Potawatomi Indians
  </subfield>
  <subfield code="x">
   Music.
  </subfield>
 </datafield>
 <datafield ind1=" " ind2="0" tag="650">
  <subfield code="a">
   Pueblo Indians
  </subfield>
  <subfield code="x">
   Music.
  </subfield>
 </datafield>
 <datafield ind1=" " ind2="0" tag="650">
  <subfield code="a">
   Quinault Indians
  </subfield>
  <subfield code="x">
   Music.
  </subfield>
 </datafield>
 <datafield ind1=" " ind2="0" tag="650">
  <subfield code="a">
   Seminole Indians
  </subfield>
  <subfield code="x">
   Music.
  </subfield>
 </datafield>
 <datafield ind1=" " ind2="0" tag="650">
  <subfield code="a">
   Shoshoni Indians
  </subfield>
  <subfield code="x">
   Music.
  </subfield>
 </datafield>
 <datafield ind1=" " ind2="0" tag="650">
  <subfield code="a">
   Dakota Indians
  </subfield>
  <subfield code="x">
   Music.
  </subfield>
 </datafield>
 <datafield ind1=" " ind2="0" tag="650">
  <subfield code="a">
   Skagit Indians
  </subfield>
  <subfield code="x">
   Music.
  </subfield>
 </datafield>
 <datafield ind1=" " ind2="0" tag="650">
  <subfield code="a">
   Taos Indians
  </subfield>
  <subfield code="x">
   Music.
  </subfield>
 </datafield>
 <datafield ind1=" " ind2="0" tag="650">
  <subfield code="a">
   Tewa Indians
  </subfield>
  <subfield code="x">
   Music.
  </subfield>
 </datafield>
 <datafield ind1=" " ind2="0" tag="650">
  <subfield code="a">
   Ute Indians
  </subfield>
  <subfield code="x">
   Music.
  </subfield>
 </datafield>
 <datafield ind1=" " ind2="0" tag="650">
  <subfield code="a">
   Washoe Indians
  </subfield>
  <subfield code="x">
   Music.
  </subfield>
 </datafield>
 <datafield ind1=" " ind2="0" tag="650">
  <subfield code="a">
   Wichita Indians
  </subfield>
  <subfield code="x">
   Music.
  </subfield>
 </datafield>
 <datafield ind1=" " ind2="0" tag="650">
  <subfield code="a">
   Zuni Indians
  </subfield>
  <subfield code="x">
   Music.
  </subfield>
 </datafield>
 <datafield ind1=" " ind2="0" tag="650">
  <subfield code="a">
   Songs, Hopi.
  </subfield>
 </datafield>
 <datafield ind1=" " ind2="0" tag="650">
  <subfield code="a">
   Songs, Lummi.
  </subfield>
 </datafield>
 <datafield ind1=" " ind2="0" tag="650">
  <subfield code="a">
   Songs, Navajo.
  </subfield>
 </datafield>
 <datafield ind1=" " ind2="0" tag="650">
  <subfield code="a">
   Songs, Seminole.
  </subfield>
 </datafield>
 <datafield ind1=" " ind2="0" tag="650">
  <subfield code="a">
   Songs, Tewa.
  </subfield>
 </datafield>
 <datafield ind1=" " ind2="7" tag="655">
  <subfield code="a">
   Song texts.
  </subfield>
  <subfield code="2">
   afset
  </subfield>
 </datafield>
 <datafield ind1=" " ind2="7" tag="655">
  <subfield code="a">
   Manuscripts.
  </subfield>
  <subfield code="2">
   lcgft
  </subfield>
 </datafield>
 <datafield ind1=" " ind2="7" tag="655">
  <subfield code="a">
   Field notes.
  </subfield>
  <subfield code="2">
   lcgft
  </subfield>
 </datafield>
 <datafield ind1=" " ind2="7" tag="655">
  <subfield code="a">
   Photographs.
  </subfield>
  <subfield code="2">
   lcgft
  </subfield>
 </datafield>
 <datafield ind1=" " ind2="7" tag="655">
  <subfield code="a">
   Correspondence.
  </subfield>
  <subfield code="2">
   gmgpc
  </subfield>
 </datafield>
 <datafield ind1=" " ind2="7" tag="655">
  <subfield code="a">
   Translations.
  </subfield>
  <subfield code="2">
   lcsh
  </subfield>
 </datafield>
 <datafield ind1="1" ind2=" " tag="700">
  <subfield code="a">
   Rhodes, Willard,
  </subfield>
  <subfield code="d">
   1901-1992,
  </subfield>
  <subfield code="e">
   collector.
  </subfield>
 </datafield>
 <datafield ind1="1" ind2=" " tag="700">
  <subfield code="a">
   Lange, Juel E.,
  </subfield>
  <subfield code="e">
   photographer.
  </subfield>
 </datafield>
 <datafield ind1="1" ind2=" " tag="710">
  <subfield code="a">
   United States.
  </subfield>
  <subfield code="b">
   Bureau of Indian Affairs,
  </subfield>
  <subfield code="e">
   sponsor.
  </subfield>
 </datafield>
 <datafield ind1=" " ind2=" " tag="852">
  <subfield code="a">
   Library of Congress
  </subfield>
  <subfield code="b">
   American Folklife Center,
  </subfield>
  <subfield code="e">
   101 Independence Ave. S.E., Washington, DC USA 20540-4610
  </subfield>
  <subfield code="u">
   https://hdl.loc.gov/loc.afc/folklife.home
  </subfield>
 </datafield>
 <datafield ind1="4" ind2="2" tag="856">
  <subfield code="3">
   Finding aid
  </subfield>
  <subfield code="u">
   https://hdl.loc.gov/loc.afc/eadafc.af018012
  </subfield>
 </datafield>
 <datafield ind1=" " ind2=" " tag="985">
  <subfield code="a">
   afc/ead
  </subfield>
 </datafield>
 <datafield ind1=" " ind2=" " tag="985">
  <subfield code="a">
   afc/coll
  </subfield>
 </datafield>
 <datafield ind1=" " ind2=" " tag="985">
  <subfield code="a">
   afc/nac
  </subfield>
 </datafield>
</record>
